<?xml version="1.0" encoding="UTF-8"?><collection xmlns="http://www.loc.gov/MARC21/slim"><record><leader>00577nam--2200193-i-4500</leader><controlfield tag="001">000012145</controlfield><controlfield tag="002">20161230</controlfield><controlfield tag="005">20161230201029</controlfield><controlfield tag="008">060222s1000------------r-----000-0-fre-d</controlfield><datafield ind1=" " ind2=" " tag="040"><subfield code="a">IFIN-H</subfield></datafield><datafield ind1=" " ind2=" " tag="041"><subfield code="a">fre</subfield></datafield><datafield ind1=" " ind2=" " tag="080"><subfield code="a">539.16:546.296(045)</subfield></datafield><datafield ind1="1" ind2=" " tag="100"><subfield code="a">Hulubei, Horia</subfield></datafield><datafield ind1="1" ind2="0" tag="245"><subfield code="a">Spectres de l`emission propre ondulatoire du r adon et de ses derives. raies attribuables a l `element 85</subfield><subfield code="c">Horia hulubei, ivette cauchois</subfield></datafield><datafield ind1=" " ind2=" " tag="260"><subfield code="a">Paris</subfield><subfield code="b">Gauthier-villars</subfield><subfield code="c">1939</subfield></datafield><datafield ind1=" " ind2=" " tag="300"><subfield code="a">3 P</subfield></datafield><datafield ind1="1" ind2=" " tag="700"><subfield code="a">Cauchois, Yvette</subfield></datafield><datafield ind1=" " ind2=" " tag="852"><subfield code="a">44683</subfield><subfield code="c">H.H</subfield></datafield><datafield ind1=" " ind2=" " tag="CAT"><subfield code="a">Sys</subfield><subfield code="c">20130417</subfield><subfield code="h">144310</subfield></datafield></record></collection>